0130788    00100EUR2 08890660003  030220                                                  0000000006057{                
0730788    00100EUR2 08890660003  040220                                                  0000000006057{                
0130788    00100EUR2 08890660004  030220                                                  0000000007276{                
0730788    00100EUR2 08890660004  040220                                                  0000000007276{                
0130788    00100EUR2 08890660003  040220                                                  0000000006057{                
0430788    00100EUR2 0889066000306050220  050220VIR SEPA PULSAR                  00000000 0000000000111}013349836       
0530788    00100EUR2 0889066000306050220     NPYCASCADE 8 SAS - COMPTE TEST V                                           
0530788    00100EUR2 0889066000306050220     IPY00000000                           PRVTID DTANDPLCOFBIRTH BIRTHDT       
0530788    00100EUR2 0889066000306050220     REF785AZ247E                                                               
0530788    00100EUR2 0889066000306050220     MMOEUR2000000000011100000000000000                                         
0530788    00100EUR2 0889066000306050220     CPY08890660003                                                             
0730788    00100EUR2 08890660003  050220                                                  0000000005946{                
0130788    00100EUR2 08890660004  040220                                                  0000000007276{                
0430788    00100EUR2 0889066000405050220  050220VIR CASCADE 8 SAS - COMPTE TES   00000000 0000000000111{010274113       
0530788    00100EUR2 0889066000405050220     NPYCASCADE 8 SAS - COMPTE TEST V                                           
0530788    00100EUR2 0889066000405050220     NBEPULSAR                                                                  
0530788    00100EUR2 0889066000405050220     RCN785AZ247E                                                               
0530788    00100EUR2 0889066000405050220     MMOEUR2000000000011100000000000000                                         
0530788    00100EUR2 0889066000405050220     CBE08890660004                                                             
0530788    00100EUR2 0889066000405050220     RUM                                   OOFF                                 
0530788    00100EUR2 0889066000405050220     CPY08890660003                                                             
0730788    00100EUR2 08890660004  050220                                                  0000000007387{                
0130788    00100EUR2 08890660003  050220                                                  0000000005946{                
0730788    00100EUR2 08890660003  060220                                                  0000000005946{                
0130788    00100EUR2 08890660004  050220                                                  0000000007387{                
0730788    00100EUR2 08890660004  060220                                                  0000000007387{                
0130788    00100EUR2 08890660003  060220                                                  0000000005946{                
0730788    00100EUR2 08890660003  070220                                                  0000000005946{                
0130788    00100EUR2 08890660004  060220                                                  0000000007387{                
0730788    00100EUR2 08890660004  070220                                                  0000000007387{                
0130788    00100EUR2 08890660003  070220                                                  0000000005946{                
0730788    00100EUR2 08890660003  100220                                                  0000000005946{                
0130788    00100EUR2 08890660004  070220                                                  0000000007387{                
0730788    00100EUR2 08890660004  100220                                                  0000000007387{                
0130788    00100EUR2 08890660003  100220                                                  0000000005946{                
0730788    00100EUR2 08890660003  110220                                                  0000000005946{                
0130788    00100EUR2 08890660004  100220                                                  0000000007387{                
0730788    00100EUR2 08890660004  110220                                                  0000000007387{                
0130788    00100EUR2 08890660003  110220                                                  0000000005946{                
0730788    00100EUR2 08890660003  120220                                                  0000000005946{                
0130788    00100EUR2 08890660004  110220                                                  0000000007387{                
0730788    00100EUR2 08890660004  120220                                                  0000000007387{                
0130788    00100EUR2 08890660003  120220                                                  0000000005946{                
0730788    00100EUR2 08890660003  130220                                                  0000000005946{                
0130788    00100EUR2 08890660004  120220                                                  0000000007387{                
0730788    00100EUR2 08890660004  130220                                                  0000000007387{                
0130788    00100EUR2 08890660003  130220                                                  0000000005946{                
0730788    00100EUR2 08890660003  140220                                                  0000000005946{                
0130788    00100EUR2 08890660004  130220                                                  0000000007387{                
0730788    00100EUR2 08890660004  140220                                                  0000000007387{                
