0130788    00100EUR2 08890660004  040220                                                  0000000007276{                
0430788    00100EUR2 0889066000405050220  050220VIR NETFLIX INC - COMPTE TEST    00000000 0000000000111{010274113       
0530788    00100EUR2 0889066000405050220     NPYNETFLIX INC - COMPTE TEST V                                             
0530788    00100EUR2 0889066000405050220     NBECASCADE 8 SAS                                                           
0530788    00100EUR2 0889066000405050220     RCNAXT648Z7                                                                
0530788    00100EUR2 0889066000405050220     MMOEUR2000000000011100000000000000                                         
0530788    00100EUR2 0889066000405050220     CBE08890660004                                                             
0530788    00100EUR2 0889066000405050220     RUM                                   OOFF                                 
0530788    00100EUR2 0889066000405050220     CPY08890660003                                                             
0730788    00100EUR2 08890660004  050220                                                  0000000007387{                
