0130788    00100EUR2 08890660003  170120                                                  0000000001000{                
0430788 ERE00100EUR2 0889066000341240120  240120VIR DE 08890660004               00000001 0000000005000{002387131       
0730788    00100EUR2 08890660003  280120                                                  0000000006000{                
