0130788    00100EUR2 08890660004  170120                                                  0000000001200{                
0430788    00100EUR2 0889066000405230120  230120VIR CASCADE 8 SAS - COMPTE TES   00000000 0000000001010{010215461       
0530788    00100EUR2 0889066000405230120     NPYCASCADE 8 SAS - COMPTE TEST V                                           
0530788    00100EUR2 0889066000405230120     NBEPULSAR                                                                  
0530788    00100EUR2 0889066000405230120     RCNREF 101 FOR MOVIE HP                                                    
0530788    00100EUR2 0889066000405230120     MMOEUR2000000000101000000000000000                                         
0530788    00100EUR2 0889066000405230120     CBE08890660004                                                             
0530788    00100EUR2 0889066000405230120     RUM                                   OOFF                                 
0530788    00100EUR2 0889066000405230120     CPY08890660003                                                             
0430788 VIR00100EUR2 0889066000414240120  240120VIR A 08890660003                00000001 0000000005000}002387131       
0530788 VIR00100EUR2 0889066000414240120     LIBALIMENTER DE 500 EUROS                                                  
0430788    00100EUR2 0889066000405280120  280120VIR CASCADE 8 SAS - COMPTE TES   00000000 0000000000123{010229853       
0530788    00100EUR2 0889066000405280120     NPYCASCADE 8 SAS - COMPTE TEST V                                           
0530788    00100EUR2 0889066000405280120     NBEPULSAR                                                                  
0530788    00100EUR2 0889066000405280120     RCNLOTR                                                                    
0530788    00100EUR2 0889066000405280120     MMOEUR2000000000012300000000000000                                         
0530788    00100EUR2 0889066000405280120     CBE08890660004                                                             
0530788    00100EUR2 0889066000405280120     RUM                                   OOFF                                 
0530788    00100EUR2 0889066000405280120     CPY08890660003                                                             
0730788    00100EUR2 08890660004  280120                                                  0000000002667}                
